@misc{delftx,
  author = {{TU Delft}},
  title  = {Mastering Probability Theory and Statistics},
  year   = {2024},
  url    = {https://online-learning.tudelft.nl/programs/mastering-probability-and-statistics/}
}
@misc{mit,
  author = {{MIT}},
  title  = {Computational Probability and Inference},
  year   = {2024},
  url    = {https://www.edx.org/learn/probability/massachusetts-institute-of-technology-computational-probability-and-inference/}
}
@book{ross,
  author = {{Ross, Sheldon}},
  title  = {A First Course in Probability},
  year   = {2012}
}
