@article{hk,
  author = {{The Hong Kong University of Science and Technology}},
  title  = {Differential Equations for Engineers},
  year   = {2024},
  url    = {https://www.coursera.org/learn/differential-equations-engineers/}
}
@article{delftx,
  author = {{TU Delft}},
  title  = {Modelling with Differential Equations},
  year   = {2024},
  url    = {https://online-learning.tudelft.nl/courses/modelling-with-differential-equations/}
}
