@misc{ucl,
  author = {{Matthew Towers, UCL}},
  title  = {MATH0007: Algebra for Joint Honours Students},
  year   = {2020},
  url    = {https://www.ucl.ac.uk/~ucahmto/0007/_book/}
}
