@book{poole,
  author = {{Poole, David}},
  title  = {Linear Algebra: A Modern Introduction},
  year   = {2012}
}
@misc{shanghai,
  author = {{Shanghai Jiao Tong University}},
  title  = {Discrete Mathematics},
  year   = {2024},
  url    = {https://www.coursera.org/learn/discrete-mathematics}
}
@misc{imtx,
  author = {{Institut Mines-Telecom}},
  title  = {Advanced Algorithmics and Graph Theory with Python},
  year   = {2024},
  url    = {https://www.edx.org/learn/python/imt-advanced-algorithmics-and-graph-theory-with-python}
}
