@misc{delftx,
  author = {{TU Delft}},
  title  = {Mastering Probability Theory and Statistics},
  year   = {2024},
  url    = {https://online-learning.tudelft.nl/programs/mastering-probability-and-statistics/}
}
