@article{stewart,
  author = {{Stewart, James}},
  title  = {Essential Calculus: Early Transcendentals},
  year   = {2012}
}
@article{delftx,
  author = {{TU Delft}},
  title  = {Mastering Calculus},
  year   = {2024},
  url    = {https://online-learning.tudelft.nl/programs/mastering-calculus/}
}
