@article{poole,
  author = {{Poole, David}},
  title  = {Linear Algebra: A Modern Introduction},
  year   = {2012}
}
@article{coursera,
  author = {{Wesleyan University}},
  title  = {Introduction to Complex Analysis},
  year   = {2024},
  url    = {https://www.coursera.org/learn/complex-analysis/}
}
