@article{poole,
  author = {{Poole, David}},
  title  = {Linear Algebra: A Modern Introduction},
  year   = {2012}
}
@article{delftx,
  author = {{TU Delft}},
  title  = {Mastering Linear Algebra},
  year   = {2024},
  url    = {https://online-learning.tudelft.nl/programs/mastering-linear-algebra/}
}
@article{ucl,
  author = {{Matthew Towers, UCL}},
  title  = {MATH0007: Algebra for Joint Honours Students},
  year   = {2020},
  url    = {https://www.ucl.ac.uk/~ucahmto/0007/_book/}
}
